<record xmlns="http://www.loc.gov/MARC21/slim">
   <leader>05470cam a2200409Ii 4500</leader>
   <controlfield tag="001">6657817</controlfield>
   <controlfield tag="003">FlBoTFG</controlfield>
   <controlfield tag="005">20140801114850.0</controlfield>
   <controlfield tag="006">m    |o  d |      </controlfield>
   <controlfield tag="007">cr |||</controlfield>
   <controlfield tag="008">140801t20152015fluacdf ob    001 0 eng d</controlfield>
   <datafield ind1=" " ind2=" " tag="020">
      <subfield code="a">9781466582392 (e-book : PDF)</subfield>
   </datafield>
   <datafield ind1=" " ind2=" " tag="035">
      <subfield code="a">ocn884595042</subfield>
   </datafield>
   <datafield ind1=" " ind2=" " tag="039">
      <subfield code="a">exclude</subfield>
   </datafield>
   <datafield ind1=" " ind2=" " tag="040">
      <subfield code="a">FlBoTFG</subfield>
      <subfield code="b">eng</subfield>
      <subfield code="c">FlBoTFG</subfield>
      <subfield code="e">rda</subfield>
      <subfield code="d">AEU</subfield>
   </datafield>
   <datafield ind1=" " ind2="4" tag="050">
      <subfield code="a">R857.B54</subfield>
      <subfield code="b">B56 2015</subfield>
   </datafield>
   <datafield ind1=" " ind2=" " tag="090">
      <subfield code="a">Internet Access</subfield>
      <subfield code="b">AEU</subfield>
   </datafield>
   <datafield ind1="0" ind2="0" tag="245">
      <subfield code="a">Biointeractions of nanomaterials /</subfield>
      <subfield code="c">edited by Vijaykumar B. Sutariya, University of South Florida, College of Pharmacy, Tampa, Florida, USA, Yashwant Pathak, University of South Florida, College of Pharmacy, Tampa, Florida, USA.</subfield>
   </datafield>
   <datafield ind1=" " ind2="1" tag="264">
      <subfield code="a">Boca Raton :</subfield>
      <subfield code="b">Taylor &amp; Francis,</subfield>
      <subfield code="c">[2015]</subfield>
   </datafield>
   <datafield ind1=" " ind2="4" tag="264">
      <subfield code="c">©2015</subfield>
   </datafield>
   <datafield ind1=" " ind2=" " tag="300">
      <subfield code="a">1 online resource :</subfield>
      <subfield code="b">text file, PDF</subfield>
   </datafield>
   <datafield ind1=" " ind2=" " tag="336">
      <subfield code="a">text</subfield>
      <subfield code="2">rdacontent</subfield>
   </datafield>
   <datafield ind1=" " ind2=" " tag="337">
      <subfield code="a">computer</subfield>
      <subfield code="2">rdamedia</subfield>
   </datafield>
   <datafield ind1=" " ind2=" " tag="338">
      <subfield code="a">online resource</subfield>
      <subfield code="2">rdacarrier</subfield>
   </datafield>
   <datafield ind1=" " ind2=" " tag="504">
      <subfield code="a">Includes bibliographical references and index.</subfield>
   </datafield>
   <datafield ind1="0" ind2=" " tag="505">
      <subfield code="a">Introduction : biointeractions of nanomaterials : challenges and solutions / Vijaykumar B. Sutariya, Vrinda Pathak, Ana Groshev, Mahavir B. Chougule, Sachin Naik, Deepa Patel, and Yashwant Pathak -- Nanoparticle exposures in occupational environments / Li-Hao Young, Ying-Fang Wang, Ching-Hwa Chen, Chun-Wan Chen, and Perng-Jy Tsai -- Physicochemical characterization-dependent toxicity of nanoparticles / Jigar N. Shah, Ankur P. Shah, Hiral J. Shah, and Vijaykumar B. Sutariya -- Cytotoxicity of stimuli-responsive nanomaterials : predicting clinical viability through robust biocompatibility profiles / Daniel Wehrung and Moses O. Oyewumi -- Biosensing devices for toxicity assessment of nanomaterials / Evangelia Hondroulis, Pratik Shah, Xuena Zhu, and Chen-Zhong Li -- Carbon nanotubes and pulmonary toxicity / Malay K. Das and Charles Preuss -- Nanotoxicity of polymeric and solid lipid nanoparticles / Dev Prasad and Harsh Chauhan -- Analytical characterization of nanomaterials in biological matrices for hazard assessment / Mingsheng Xu, Daisuke Fujita, Huanxing Su, Hongzheng Chen, and Nobutaka Hanagata -- Nanoparticles and human health : a review of epidemiological studies / Vijaykumar B. Sutariya, Ana Groshev, Vivek Dave, Hardeep Saluja, Deepak Bhatia, Prabodh Sadana, and Yashwant Pathak -- Toxicogenomic approaches to understanding the toxicity of nanoparticles / Qiwen Shi, Mahavir B. Chougule, Vijaykumar B. Sutariya, and Deepak Bhatia -- Nanomaterial-based gene and drug delivery : pulmonary toxicity considerations / Mahavir B. Chougule, Rakesh K. Tekade, Peter R. Hoffmann, Deepak Bhatia, Vijaykumar B. Sutariya, and Yashwant Pathak -- Cardiovascular toxicity of nanomaterials / Saijie Zhu and Minghuang Hong -- Toxicity of nanomaterials on the gastrointestinal tract / Jayvadan Patel and Vibha Champavat -- Toxicity of nanomaterials on the liver, kidney, and spleen / Jayvadan Patel and Anita Patel -- Regulatory implications of nanotechnology / Lynn L. Bergeson and Michael F. Cole -- Ocular toxicity of nanoparticles / Aditya Grover, Anjali Hirani, Yong Woo Lee, Vijaykumar B. Sutariya, and Yashwant Pathak -- Genotoxicity of nanoparticles / Amaya Azqueta, Leire Arbillaga, and Adela López de Cerain -- Interactions of polysaccharide-coated nanoparticles with proteins / Christine Vauthier -- Models for risk assessments of nanoparticles / Sanjay Dey, Bhaskar Mazumder, and Yaswant Pathak -- Immunotoxicity of carbon nanoparticles / Paulami Pal, Bhaskar Mazumder, and Yaswant Pathak.</subfield>
   </datafield>
   <datafield ind1=" " ind2=" " tag="506">
      <subfield code="a">Access restricted to authorized users and institutions.</subfield>
   </datafield>
   <datafield ind1=" " ind2=" " tag="520">
      <subfield code="a">"The purpose of this book is to focus on the biointeraction of nanomaterials, an area that has not been previously addressed in detail. It also covers various techniques and tests that have been developed to evaluate the toxicity of materials at the nano level. The interactions of nanomaterials and nanosystems within biosystems are a concern for the scientific community. This book is targeted toward academic researchers as well as industry members who are involved in the development of nanosystems. Many graduate schools have initiated courses in nanotechnology and applications. This book will be a great resource for students as well as professors. Additionally, this will be a useful tool for industrial scientists investigating technology to update their nanotoxicology and nano-safety understanding. The objective of the book is to address issues related to toxicity and safety of nanomaterials and nanosystems. It also covers the interactions of these in biological systems, various tools and methods used to evaluate the toxicity and safety issues. The volume comprises 20 chapters written by leading scientists in the field of nanotechnology. Chapter 1 covers the challenges and solutions of bio interactions of nanomaterials. This is followed by three chapters that address the assessment and characterization of nanosystems in the bio-environment"--Provided by publisher.</subfield>
   </datafield>
   <datafield ind1=" " ind2=" " tag="596">
      <subfield code="a">44</subfield>
   </datafield>
   <datafield ind1=" " ind2="0" tag="650">
      <subfield code="a">Nanostructures</subfield>
      <subfield code="x">Toxicology.</subfield>
   </datafield>
   <datafield ind1=" " ind2="0" tag="650">
      <subfield code="a">Biomedical materials.</subfield>
   </datafield>
   <datafield ind1=" " ind2="0" tag="650">
      <subfield code="a">Nanotechnology</subfield>
      <subfield code="x">Methodology.</subfield>
   </datafield>
   <datafield ind1="1" ind2=" " tag="700">
      <subfield code="a">Sutariya, Vijaykumar B.,</subfield>
      <subfield code="e">editor.</subfield>
   </datafield>
   <datafield ind1="1" ind2=" " tag="700">
      <subfield code="a">Pathak, Yashwant,</subfield>
      <subfield code="e">editor.</subfield>
   </datafield>
   <datafield ind1="4" ind2="0" tag="856">
      <subfield code="3">University of Alberta Access</subfield>
      <subfield code="u">http://marc.crcnetbase.com/isbn/9781466582392</subfield>
      <subfield code="z">(Unlimited Concurrent Users)</subfield>
   </datafield>
   <datafield ind1=" " ind2=" " tag="949">
      <subfield code="h">UAIN</subfield>
      <subfield code="z">CRC</subfield>
   </datafield>
   <datafield ind1=" " ind2=" " tag="926">
      <subfield code="a">Internet Access</subfield>
      <subfield code="w">LC</subfield>
      <subfield code="c">1</subfield>
      <subfield code="i">6657817-1001</subfield>
      <subfield code="l">INTERNET</subfield>
      <subfield code="m">UAINTERNET</subfield>
      <subfield code="r">Y</subfield>
      <subfield code="s">Y</subfield>
      <subfield code="t">E-RESOURCE</subfield>
      <subfield code="u">8/8/2014</subfield>
      <subfield code="x">E-BOOK</subfield>
      <subfield code="z">CRC</subfield>
   </datafield>
</record>
